[gd_scene load_steps=115 format=2]

[ext_resource path="res://Sprites/Characters/Player/idle/adventurer-idle-00.png" type="Texture" id=1]
[ext_resource path="res://Sprites/Characters/Player/idle/adventurer-idle-01.png" type="Texture" id=2]
[ext_resource path="res://Sprites/Characters/Player/idle/adventurer-idle-02.png" type="Texture" id=3]
[ext_resource path="res://Sprites/Characters/Player/fall/adventurer-fall-00.png" type="Texture" id=4]
[ext_resource path="res://Sprites/Characters/Player/fall/adventurer-fall-01.png" type="Texture" id=5]
[ext_resource path="res://Sprites/Characters/Player/walk/adventurer-walk-05.png" type="Texture" id=6]
[ext_resource path="res://Sprites/Characters/Player/walk/adventurer-walk-03.png" type="Texture" id=7]
[ext_resource path="res://Sprites/Characters/Player/walk/adventurer-walk-04.png" type="Texture" id=8]
[ext_resource path="res://Sprites/Characters/Player/walk/adventurer-walk-00.png" type="Texture" id=9]
[ext_resource path="res://Sprites/Characters/Player/walk/adventurer-walk-01.png" type="Texture" id=10]
[ext_resource path="res://Sprites/Characters/Player/walk/adventurer-walk-02.png" type="Texture" id=11]
[ext_resource path="res://Sprites/Characters/Player/jump/adventurer-jump-00.png" type="Texture" id=12]
[ext_resource path="res://Sprites/Characters/Player/jump/adventurer-jump-01.png" type="Texture" id=13]
[ext_resource path="res://Sprites/Characters/Player/jump/adventurer-jump-03.png" type="Texture" id=14]
[ext_resource path="res://Sprites/Characters/Player/jump/adventurer-jump-02.png" type="Texture" id=15]
[ext_resource path="res://Sprites/Characters/Player/run/adventurer-run-00.png" type="Texture" id=16]
[ext_resource path="res://Sprites/Characters/Player/run/adventurer-run-02.png" type="Texture" id=17]
[ext_resource path="res://Sprites/Characters/Player/run/adventurer-run-04.png" type="Texture" id=18]
[ext_resource path="res://Sprites/Characters/Player/run/adventurer-run-05.png" type="Texture" id=19]
[ext_resource path="res://Sprites/Characters/Player/run/adventurer-run-03.png" type="Texture" id=20]
[ext_resource path="res://Sprites/Characters/Player/run/adventurer-run-01.png" type="Texture" id=21]
[ext_resource path="res://Sprites/Characters/Player/somersault/adventurer-smrslt-01.png" type="Texture" id=22]
[ext_resource path="res://Sprites/Characters/Player/somersault/adventurer-smrslt-03.png" type="Texture" id=23]
[ext_resource path="res://Sprites/Characters/Player/wall_slide/adventurer-wall-slide-01.png" type="Texture" id=24]
[ext_resource path="res://Sprites/Characters/Player/wall_slide/adventurer-wall-slide-00.png" type="Texture" id=25]
[ext_resource path="res://Sprites/Characters/Player/somersault/adventurer-smrslt-02.png" type="Texture" id=26]
[ext_resource path="res://Sprites/Characters/Player/somersault/adventurer-smrslt-00.png" type="Texture" id=27]
[ext_resource path="res://Scripts/Characters/Player/PlayerCamera.cs" type="Script" id=28]
[ext_resource path="res://Sprites/Characters/Player/corner_grab/adventurer-crnr-grb-01.png" type="Texture" id=29]
[ext_resource path="res://Sprites/Characters/Player/corner_grab/adventurer-crnr-grb-00.png" type="Texture" id=30]
[ext_resource path="res://Sprites/Characters/Player/corner_grab/adventurer-crnr-grb-02.png" type="Texture" id=31]
[ext_resource path="res://Sprites/Characters/Player/corner_grab/adventurer-crnr-grb-03.png" type="Texture" id=32]
[ext_resource path="res://Sprites/Characters/Player/corner_climb/adventurer-crnr-clmb-02.png" type="Texture" id=33]
[ext_resource path="res://Sprites/Characters/Player/corner_climb/adventurer-crnr-clmb-04.png" type="Texture" id=34]
[ext_resource path="res://Sprites/Characters/Player/corner_climb/adventurer-crnr-clmb-00.png" type="Texture" id=35]
[ext_resource path="res://Sprites/Characters/Player/corner_climb/adventurer-crnr-clmb-03.png" type="Texture" id=36]
[ext_resource path="res://Sprites/Characters/Player/corner_climb/adventurer-crnr-clmb-01.png" type="Texture" id=37]
[ext_resource path="res://Sprites/Characters/Player/slide/adventurer-slide-00.png" type="Texture" id=38]
[ext_resource path="res://Sprites/Characters/Player/slide/adventurer-slide-01.png" type="Texture" id=39]
[ext_resource path="res://Sprites/Characters/Player/crouch/adventurer-crouch-01.png" type="Texture" id=40]
[ext_resource path="res://Sprites/Characters/Player/crouch/adventurer-crouch-02.png" type="Texture" id=41]
[ext_resource path="res://Sprites/Characters/Player/crouch/adventurer-crouch-03.png" type="Texture" id=42]
[ext_resource path="res://Sprites/Characters/Player/crouch/adventurer-crouch-00.png" type="Texture" id=43]
[ext_resource path="res://Sprites/Characters/Player/hurt/adventurer-block.png" type="Texture" id=44]
[ext_resource path="res://Sprites/Characters/Player/crouch_walk/adventurer-crouch-walk-04.png" type="Texture" id=45]
[ext_resource path="res://Sprites/Characters/Player/crouch_walk/adventurer-crouch-walk-01.png" type="Texture" id=46]
[ext_resource path="res://Sprites/Characters/Player/crouch_walk/adventurer-crouch-walk-00.png" type="Texture" id=47]
[ext_resource path="res://Sprites/Characters/Player/crouch_walk/adventurer-crouch-walk-03.png" type="Texture" id=48]
[ext_resource path="res://Scripts/Characters/Player/Player.cs" type="Script" id=49]
[ext_resource path="res://Sprites/Characters/Player/crouch_walk/adventurer-crouch-walk-05.png" type="Texture" id=50]
[ext_resource path="res://Sprites/Characters/Player/crouch_walk/adventurer-crouch-walk-02.png" type="Texture" id=51]
[ext_resource path="res://Scenes/Effects/FootStepDust.tscn" type="PackedScene" id=52]
[ext_resource path="res://Sprites/Characters/Player/bow_jump/adventurer-bow-jump-02.png" type="Texture" id=53]
[ext_resource path="res://Sprites/Characters/Player/bow_jump/adventurer-bow-jump-00.png" type="Texture" id=54]
[ext_resource path="res://Sprites/Characters/Player/bow_jump/adventurer-bow-jump-01.png" type="Texture" id=55]
[ext_resource path="res://Sprites/Characters/Player/bow_jump/adventurer-bow-jump-05.png" type="Texture" id=56]
[ext_resource path="res://Sprites/Characters/Player/bow_jump/adventurer-bow-jump-03.png" type="Texture" id=57]
[ext_resource path="res://Sprites/Characters/Player/bow_jump/adventurer-bow-jump-04.png" type="Texture" id=58]
[ext_resource path="res://Sprites/Characters/Player/bow/adventurer-bow-03.png" type="Texture" id=59]
[ext_resource path="res://Sprites/Characters/Player/bow/adventurer-bow-01.png" type="Texture" id=60]
[ext_resource path="res://Sprites/Characters/Player/bow/adventurer-bow-08.png" type="Texture" id=61]
[ext_resource path="res://Sprites/Characters/Player/bow/adventurer-bow-00.png" type="Texture" id=62]
[ext_resource path="res://Sprites/Characters/Player/bow/adventurer-bow-04.png" type="Texture" id=63]
[ext_resource path="res://Sprites/Characters/Player/bow/adventurer-bow-05.png" type="Texture" id=64]
[ext_resource path="res://Sprites/Characters/Player/bow/adventurer-bow-02.png" type="Texture" id=65]
[ext_resource path="res://Sprites/Characters/Player/bow/adventurer-bow-06.png" type="Texture" id=66]
[ext_resource path="res://Sprites/Characters/Player/bow/adventurer-bow-07.png" type="Texture" id=67]
[ext_resource path="res://Scenes/Objects/Arrow.tscn" type="PackedScene" id=68]
[ext_resource path="res://Sprites/Characters/Player/attack_3/adventurer-attack3-03.png" type="Texture" id=69]
[ext_resource path="res://Sprites/Characters/Player/attack_3/adventurer-attack3-04.png" type="Texture" id=70]
[ext_resource path="res://Sprites/Characters/Player/attack_3/adventurer-attack3-05.png" type="Texture" id=71]
[ext_resource path="res://Sprites/Characters/Player/attack_1/adventurer-attack1-02.png" type="Texture" id=72]
[ext_resource path="res://Sprites/Characters/Player/attack_1/adventurer-attack1-00.png" type="Texture" id=73]
[ext_resource path="res://Sprites/Characters/Player/attack_3/adventurer-attack3-02.png" type="Texture" id=74]
[ext_resource path="res://Sprites/Characters/Player/attack_2/adventurer-attack2-00.png" type="Texture" id=75]
[ext_resource path="res://Sprites/Characters/Player/attack_2/adventurer-attack2-03.png" type="Texture" id=76]
[ext_resource path="res://Sprites/Characters/Player/attack_1/adventurer-attack1-01.png" type="Texture" id=77]
[ext_resource path="res://Sprites/Characters/Player/attack_2/adventurer-attack2-01.png" type="Texture" id=78]
[ext_resource path="res://Sprites/Characters/Player/attack_2/adventurer-attack2-02.png" type="Texture" id=79]
[ext_resource path="res://Sprites/Characters/Player/attack_2/adventurer-attack2-04.png" type="Texture" id=80]
[ext_resource path="res://Sprites/Characters/Player/attack_1/adventurer-attack1-03.png" type="Texture" id=81]
[ext_resource path="res://Sprites/Characters/Player/attack_3/adventurer-attack3-00.png" type="Texture" id=82]
[ext_resource path="res://Sprites/Characters/Player/attack_1/adventurer-attack1-04.png" type="Texture" id=83]
[ext_resource path="res://Sprites/Characters/Player/attack_3/adventurer-attack3-01.png" type="Texture" id=84]
[ext_resource path="res://Sprites/Characters/Player/attack_2/adventurer-attack2-05.png" type="Texture" id=85]
[ext_resource path="res://Sprites/Characters/Player/air_attack_1/adventurer-air-attack1-00.png" type="Texture" id=86]
[ext_resource path="res://Sprites/Characters/Player/air_attack_1/adventurer-air-attack1-01.png" type="Texture" id=87]
[ext_resource path="res://Sprites/Characters/Player/air_attack_1/adventurer-air-attack1-02.png" type="Texture" id=88]
[ext_resource path="res://Sprites/Characters/Player/air_attack_2/adventurer-air-attack2-00.png" type="Texture" id=89]
[ext_resource path="res://Sprites/Characters/Player/air_attack_2/adventurer-air-attack2-01.png" type="Texture" id=90]
[ext_resource path="res://Sprites/Characters/Player/air_attack_2/adventurer-air-attack2-02.png" type="Texture" id=91]
[ext_resource path="res://Sprites/Characters/Player/air_attack_1/adventurer-air-attack1-03.png" type="Texture" id=92]
[ext_resource path="res://Sprites/Characters/Player/air_attack_3/loop/adventurer-air-attack3-loop-01.png" type="Texture" id=93]
[ext_resource path="res://Sprites/Characters/Player/air_attack_3/loop/adventurer-air-attack3-loop-00.png" type="Texture" id=94]
[ext_resource path="res://Sprites/Characters/Player/air_attack_3/end/adventurer-air-attack-3-end-01.png" type="Texture" id=95]
[ext_resource path="res://Sprites/Characters/Player/air_attack_3/end/adventurer-air-attack-3-end-00.png" type="Texture" id=96]
[ext_resource path="res://Sprites/Characters/Player/air_attack_3/end/adventurer-air-attack-3-end-02.png" type="Texture" id=97]
[ext_resource path="res://Scenes/Shared/Hitbox.tscn" type="PackedScene" id=98]
[ext_resource path="res://Scenes/Shared/Hurtbox.tscn" type="PackedScene" id=99]
[ext_resource path="res://Sprites/Characters/Player/hurt/adventurer-hurt-00.png" type="Texture" id=100]
[ext_resource path="res://Sprites/Characters/Player/hurt/adventurer-hurt-02.png" type="Texture" id=101]
[ext_resource path="res://Sprites/Characters/Player/hurt/adventurer-hurt-01.png" type="Texture" id=102]
[ext_resource path="res://Sprites/Characters/Player/die/adventurer-die-04.png" type="Texture" id=103]
[ext_resource path="res://Sprites/Characters/Player/die/adventurer-die-05.png" type="Texture" id=104]
[ext_resource path="res://Sprites/Characters/Player/die/adventurer-die-03.png" type="Texture" id=105]
[ext_resource path="res://Sprites/Characters/Player/die/adventurer-die-01.png" type="Texture" id=106]
[ext_resource path="res://Sprites/Characters/Player/die/adventurer-die-00.png" type="Texture" id=107]
[ext_resource path="res://Sprites/Characters/Player/die/adventurer-die-02.png" type="Texture" id=108]
[ext_resource path="res://Sprites/Characters/Player/die/adventurer-die-06.png" type="Texture" id=109]

[sub_resource type="SpriteFrames" id=1]
animations = [ {
"frames": [ ExtResource( 54 ), ExtResource( 55 ), ExtResource( 53 ), ExtResource( 57 ), ExtResource( 58 ), ExtResource( 56 ) ],
"loop": false,
"name": "air_bow_attack",
"speed": 12.0
}, {
"frames": [ ExtResource( 86 ), ExtResource( 87 ), ExtResource( 88 ), ExtResource( 92 ) ],
"loop": false,
"name": "air_sword_attack_1",
"speed": 15.0
}, {
"frames": [ ExtResource( 89 ), ExtResource( 90 ), ExtResource( 91 ) ],
"loop": false,
"name": "air_sword_attack_2",
"speed": 15.0
}, {
"frames": [ ExtResource( 94 ), ExtResource( 93 ) ],
"loop": false,
"name": "air_sword_attack_3",
"speed": 15.0
}, {
"frames": [ ExtResource( 96 ), ExtResource( 95 ), ExtResource( 97 ) ],
"loop": false,
"name": "air_sword_attack_4",
"speed": 15.0
}, {
"frames": [ ExtResource( 44 ) ],
"loop": true,
"name": "block",
"speed": 5.0
}, {
"frames": [ ExtResource( 62 ), ExtResource( 60 ), ExtResource( 65 ), ExtResource( 59 ), ExtResource( 63 ), ExtResource( 64 ), ExtResource( 66 ), ExtResource( 67 ), ExtResource( 61 ) ],
"loop": false,
"name": "bow_attack",
"speed": 20.0
}, {
"frames": [ ExtResource( 35 ), ExtResource( 37 ), ExtResource( 33 ), ExtResource( 36 ), ExtResource( 34 ) ],
"loop": false,
"name": "climb",
"speed": 5.0
}, {
"frames": [ ExtResource( 43 ), ExtResource( 40 ), ExtResource( 41 ), ExtResource( 42 ) ],
"loop": true,
"name": "crouch",
"speed": 5.0
}, {
"frames": [ ExtResource( 47 ), ExtResource( 46 ), ExtResource( 51 ), ExtResource( 48 ), ExtResource( 45 ), ExtResource( 50 ) ],
"loop": true,
"name": "crouch_walk",
"speed": 5.0
}, {
"frames": [ ExtResource( 14 ) ],
"loop": true,
"name": "dash",
"speed": 5.0
}, {
"frames": [ ExtResource( 107 ), ExtResource( 106 ), ExtResource( 108 ), ExtResource( 105 ), ExtResource( 103 ), ExtResource( 104 ), ExtResource( 109 ) ],
"loop": false,
"name": "dead",
"speed": 5.0
}, {
"frames": [ ExtResource( 4 ), ExtResource( 5 ) ],
"loop": true,
"name": "fall",
"speed": 5.0
}, {
"frames": [ ExtResource( 30 ), ExtResource( 29 ), ExtResource( 31 ), ExtResource( 32 ) ],
"loop": true,
"name": "hanging",
"speed": 5.0
}, {
"frames": [ ExtResource( 100 ), ExtResource( 102 ), ExtResource( 101 ) ],
"loop": false,
"name": "hurt",
"speed": 5.0
}, {
"frames": [ ExtResource( 1 ), ExtResource( 2 ), ExtResource( 3 ) ],
"loop": true,
"name": "idle",
"speed": 5.0
}, {
"frames": [ ExtResource( 12 ), ExtResource( 13 ), ExtResource( 15 ), ExtResource( 14 ) ],
"loop": false,
"name": "jump",
"speed": 15.0
}, {
"frames": [ ExtResource( 16 ), ExtResource( 21 ), ExtResource( 17 ), ExtResource( 20 ), ExtResource( 18 ), ExtResource( 19 ) ],
"loop": true,
"name": "run",
"speed": 5.0
}, {
"frames": [ ExtResource( 38 ), ExtResource( 39 ) ],
"loop": true,
"name": "slide",
"speed": 5.0
}, {
"frames": [ ExtResource( 27 ), ExtResource( 22 ), ExtResource( 26 ), ExtResource( 23 ) ],
"loop": true,
"name": "somersault",
"speed": 10.0
}, {
"frames": [ ExtResource( 73 ), ExtResource( 77 ), ExtResource( 72 ), ExtResource( 81 ), ExtResource( 83 ) ],
"loop": false,
"name": "sword_attack_1",
"speed": 20.0
}, {
"frames": [ ExtResource( 75 ), ExtResource( 78 ), ExtResource( 79 ), ExtResource( 76 ), ExtResource( 80 ), ExtResource( 85 ) ],
"loop": false,
"name": "sword_attack_2",
"speed": 20.0
}, {
"frames": [ ExtResource( 82 ), ExtResource( 84 ), ExtResource( 74 ), ExtResource( 69 ), ExtResource( 70 ), ExtResource( 71 ) ],
"loop": false,
"name": "sword_attack_3",
"speed": 15.0
}, {
"frames": [ ExtResource( 9 ), ExtResource( 10 ), ExtResource( 11 ), ExtResource( 7 ), ExtResource( 8 ), ExtResource( 6 ) ],
"loop": true,
"name": "walk",
"speed": 5.0
}, {
"frames": [ ExtResource( 25 ), ExtResource( 24 ) ],
"loop": true,
"name": "wall_slide",
"speed": 5.0
} ]

[sub_resource type="CapsuleShape2D" id=2]
radius = 4.46497
height = 17.5853

[sub_resource type="CapsuleShape2D" id=3]
radius = 4.45847
height = 6.84843

[sub_resource type="CapsuleShape2D" id=4]
radius = 7.92308
height = 10.6672

[sub_resource type="CapsuleShape2D" id=5]
radius = 4.60002
height = 16.9047

[node name="Player" type="KinematicBody2D"]
collision_layer = 2
script = ExtResource( 49 )
__meta__ = {
"_edit_group_": true
}
FootStepDust = ExtResource( 52 )
Arrow = ExtResource( 68 )

[node name="AnimatedSprite" type="AnimatedSprite" parent="."]
frames = SubResource( 1 )
animation = "dead"

[node name="StandCollision" type="CollisionShape2D" parent="."]
position = Vector2( 0, 4.38812 )
shape = SubResource( 2 )

[node name="CrouchAndSlideCollision" type="CollisionShape2D" parent="."]
position = Vector2( 0, 9.79422 )
shape = SubResource( 3 )
disabled = true

[node name="HitboxPivot" type="Position2D" parent="."]
position = Vector2( 0, 4.4 )

[node name="SwordHitbox" parent="HitboxPivot" instance=ExtResource( 98 )]
position = Vector2( 3.01606, -4.87622 )
collision_mask = 8

[node name="CollisionShape2D" parent="HitboxPivot/SwordHitbox" index="0"]
position = Vector2( 10.0658, 4.64031 )
shape = SubResource( 4 )
disabled = true

[node name="Hurtbox" parent="." instance=ExtResource( 99 )]
collision_layer = 2147483652

[node name="CollisionShape2D" parent="Hurtbox" index="0"]
visible = false
position = Vector2( 0, 4.24264 )
shape = SubResource( 5 )

[node name="Camera2D" type="Camera2D" parent="."]
current = true
process_mode = 0
limit_smoothed = true
drag_margin_h_enabled = true
drag_margin_v_enabled = true
smoothing_enabled = true
drag_margin_left = 0.1
drag_margin_top = 0.75
drag_margin_right = 0.1
script = ExtResource( 28 )

[node name="Tween" type="Tween" parent="Camera2D"]

[node name="Raycasts" type="Node2D" parent="."]

[node name="WallRaycast" type="RayCast2D" parent="Raycasts"]
position = Vector2( 0, -10.0458 )
enabled = true
cast_to = Vector2( 5, 0 )

[node name="LedgeRaycast" type="RayCast2D" parent="Raycasts"]
position = Vector2( 0, -14.9601 )
enabled = true
cast_to = Vector2( 5, 0 )

[node name="CeilingRaycast" type="RayCast2D" parent="Raycasts"]
position = Vector2( 0, -5 )
enabled = true
cast_to = Vector2( 0, -10 )

[node name="Timers" type="Node2D" parent="."]

[node name="CoyoteTimer" type="Timer" parent="Timers"]
wait_time = 0.1
one_shot = true

[node name="JumpBuffer" type="Timer" parent="Timers"]
wait_time = 0.1
one_shot = true

[node name="LookAheadTimer" type="Timer" parent="Timers"]
wait_time = 0.75
one_shot = true

[node name="SlideTimer" type="Timer" parent="Timers"]
wait_time = 0.4
one_shot = true

[node name="DashTimer" type="Timer" parent="Timers"]
wait_time = 0.2
one_shot = true

[node name="DodgeTimer" type="Timer" parent="Timers"]
wait_time = 0.4
one_shot = true

[node name="DodgeCooldownTimer" type="Timer" parent="Timers"]
one_shot = true

[node name="DashCooldownTimer" type="Timer" parent="Timers"]
one_shot = true

[node name="SlideCooldownTimer" type="Timer" parent="Timers"]
one_shot = true

[node name="BowAttackTimer" type="Timer" parent="Timers"]
wait_time = 0.5
one_shot = true

[node name="SwordAttackTimer" type="Timer" parent="Timers"]
wait_time = 0.5
one_shot = true

[node name="ComboAttackTimer" type="Timer" parent="Timers"]
wait_time = 0.75
one_shot = true

[node name="HurtTimer" type="Timer" parent="Timers"]
wait_time = 0.5
one_shot = true

[connection signal="IsGrounded" from="." to="Camera2D" method="OnPlayerIsGrounded"]
[connection signal="LookAheadVerticalDirection" from="." to="Camera2D" method="OnPlayerLookAheadVerticalDirection"]
[connection signal="animation_finished" from="AnimatedSprite" to="." method="OnAnimatedSpriteAnimationFinished"]
[connection signal="area_entered" from="HitboxPivot/SwordHitbox" to="." method="OnSwordHitboxAreaEntered"]
[connection signal="area_entered" from="Hurtbox" to="." method="OnHurtboxAreaEntered"]
[connection signal="timeout" from="Timers/HurtTimer" to="." method="OnHurtTimerTimeout"]

[editable path="HitboxPivot/SwordHitbox"]
[editable path="Hurtbox"]
